% !Mode:: "TeX:UTF-8"

@article{song2014short,
  title={Short Text Classification: A Survey},
  author={Song, Ge and Ye, Yunming and Du, Xiaolin and Huang, Xiaohui and Bie, Shifu},
  journal={ISSN 1796-2048 Volume 9, Number 5, May 2014},
  volume={9},
  number={5},
  pages={635},
  year={2014},
  publisher={Citeseer}
}
@article{zelikovitz2005transductive,
  title={Transductive learning for short-text classification problems using latent semantic indexing},
  author={Zelikovitz, Sarah and Marquez, Finella},
  journal={International Journal of Pattern Recognition and Artificial Intelligence},
  volume={19},
  number={02},
  pages={143--163},
  year={2005},
  publisher={World Scientific}
}

@inproceedings{chen2011short,
  title={Short text classification improved by learning multi-granularity topics},
  author={Chen, Mengen and Jin, Xiaoming and Shen, Dou},
  booktitle={IJCAI},
  pages={1776--1781},
  year={2011}
}

@inproceedings{cabrera2013distributional,
  title={Distributional term representations for short-text categorization},
  author={Cabrera, Juan Manuel and Escalante, Hugo Jair and Montes-y-G{\'o}mez, Manuel},
  booktitle={International Conference on Intelligent Text Processing and Computational Linguistics},
  pages={335--346},
  year={2013},
  organization={Springer}
}

@inproceedings{feng2013chinese,
  title={Chinese Short Text Classification Based on Domain Knowledge.},
  author={Feng, Xiao and Shen, Yang and Liu, Chengyong and Liang, Wei and Zhang, Shuwu},
  booktitle={IJCNLP},
  pages={859--863},
  year={2013}
}
@inproceedings{socher2012semantic,
  title={Semantic compositionality through recursive matrix-vector spaces},
  author={Socher, Richard and Huval, Brody and Manning, Christopher D and Ng, Andrew Y},
  booktitle={Proceedings of the 2012 joint conference on empirical methods in natural language processing and computational natural language learning},
  pages={1201--1211},
  year={2012},
  organization={Association for Computational Linguistics}
}
@inproceedings{blunsom2014convolutional,
  title={A convolutional neural network for modelling sentences},
  author={Blunsom, Phil and Grefenstette, Edward and Kalchbrenner, Nal},
  booktitle={Proceedings of the 52nd Annual Meeting of the Association for Computational Linguistics},
  year={2014},
  pages={655--665},
  organization={Proceedings of the 52nd Annual Meeting of the Association for Computational Linguistics}
}
@conference{chen2015convolutional,
  title={Convolutional neural network for sentence classification},
  author={Chen, Yahui},
  year={2014},
  pages={1746–-1751},
  booktitle={Proceedings of the 2014 Conference on EMNLP}
}
@inproceedings{lai2015recurrent,
  title={Recurrent Convolutional Neural Networks for Text Classification.},
  author={Lai, Siwei and Xu, Liheng and Liu, Kang and Zhao, Jun},
  booktitle={AAAI},
  volume={333},
  pages={2267--2273},
  year={2015}
}
@inproceedings{zhang2015character,
  title={Character-level convolutional networks for text classification},
  author={Zhang, Xiang and Zhao, Junbo and LeCun, Yann},
  booktitle={Advances in neural information processing systems},
  pages={649--657},
  year={2015}
}
@conference{li2015component,
  title={Component-enhanced chinese character embeddings},
  author={Li, Yanran and Li, Wenjie and Sun, Fei and Li, Sujian},
  year={2015},
  pages={829–-834},
  booktitle={Proceedings of the 2015 Conference on EMNLP}
}
@article{er2016attention,
  title={Attention pooling-based convolutional neural network for sentence modelling},
  author={Er, Meng Joo and Zhang, Yong and Wang, Ning and Pratama, Mahardhika},
  journal={Information Sciences},
  volume={373},
  pages={388--403},
  year={2016},
  publisher={Elsevier}
}
@inproceedings{yang2016hierarchical,
  title={Hierarchical Attention Networks for Document Classification.},
  author={Yang, Zichao and Yang, Diyi and Dyer, Chris and He, Xiaodong and Smola, Alexander J and Hovy, Eduard H},
  booktitle={HLT-NAACL},
  pages={1480--1489},
  year={2016}
}

@article{薛苏琴2016基于向量空间模型的中文文本相似度的研究,
  title={基于向量空间模型的中文文本相似度的研究},
  author={薛苏琴 and 牛永洁},
  journal={电子设计工程},
  volume={24},
  number={10},
  pages={28--31},
  year={2016}
}
@inproceedings{mccallum1998comparison,
  title={A comparison of event models for naive bayes text classification},
  author={McCallum, Andrew and Nigam, Kamal and others},
  booktitle={AAAI-98 workshop on learning for text categorization},
  volume={752},
  pages={41--48},
  year={1998},
  organization={Madison, WI}
}
@inproceedings{hinton1986learning,
  title={Learning distributed representations of concepts},
  author={Hinton, Geoffrey E},
  booktitle={Proceedings of the eighth annual conference of the cognitive science society},
  volume={1},
  pages={12},
  year={1986},
  organization={Amherst, MA}
}
@inproceedings{mikolov2013distributed,
  title={Distributed representations of words and phrases and their compositionality},
  author={Mikolov, Tomas and Sutskever, Ilya and Chen, Kai and Corrado, Greg S and Dean, Jeff},
  booktitle={Advances in neural information processing systems},
  pages={3111--3119},
  year={2013}
}
@article{lecun1989backpropagation,
  title={Backpropagation applied to handwritten zip code recognition},
  author={LeCun, Yann and Boser, Bernhard and Denker, John S and Henderson, Donnie and Howard, Richard E and Hubbard, Wayne and Jackel, Lawrence D},
  journal={Neural computation},
  volume={1},
  number={4},
  pages={541--551},
  year={1989},
  publisher={MIT Press}
}
@article{hochreiter1997long,
  title={Long short-term memory},
  author={Hochreiter, Sepp and Schmidhuber, J{\"u}rgen},
  journal={Neural computation},
  volume={9},
  number={8},
  pages={1735--1780},
  year={1997},
  publisher={MIT Press}
}
@inproceedings{chen2015joint,
  title={Joint Learning of Character and Word Embeddings.},
  author={Chen, Xinxiong and Xu, Lei and Liu, Zhiyuan and Sun, Maosong and Luan, Huan-Bo},
  booktitle={IJCAI},
  pages={1236--1242},
  year={2015}
}
@inproceedings{xu2016improve,
  title={Improve Chinese Word Embeddings by Exploiting Internal Structure},
  author={Xu, Jian and Liu, Jiawei and Zhang, Liangang and Li, Zhengyu and Chen, Huanhuan},
  booktitle={Proceedings of NAACL-HLT},
  pages={1041--1050},
  year={2016}
}
@inproceedings{sun2014radical,
  title={Radical-enhanced chinese character embedding},
  author={Sun, Yaming and Lin, Lei and Yang, Nan and Ji, Zhenzhou and Wang, Xiaolong},
  booktitle={International Conference on Neural Information Processing},
  pages={279--286},
  year={2014},
  organization={Springer}
}
@inproceedings{yu2017joint,
  title={Joint Embeddings of Chinese Words, Characters, and Fine-grained Subcharacter Components},
  author={Yu, Jinxing and Jian, Xun and Xin, Hao and Song, Yangqiu},
  booktitle={Proceedings of the 2017 Conference on Empirical Methods in Natural Language Processing},
  pages={286--291},
  year={2017}
}
@thesis{su2007hanzi,
  AUTHOR =       {苏文正},
  TITLE =        {汉字简化问题研究},
  institution =       {兰州大学},
  YEAR =         {2007},
  pages  =       {53},
  address =      {兰州},
  language =     {Chinese}
}
@article{胡浩2017汉字固有属性,
  title={基于汉字固有属性的中文字向量方法研究},
  author={胡浩 and 李平 and 陈凯琪},
  journal={中文信息学报},
  volume={31},
  number={3},
  pages={32-40},
  year={2017},
}
@inproceedings{mikolov2013linguistic,
  title={Linguistic regularities in continuous space word representations},
  author={Mikolov, Tomas and Yih, Wen-tau and Zweig, Geoffrey},
  booktitle={Proceedings of the 2013 Conference of the North American Chapter of the Association for Computational Linguistics: Human Language Technologies},
  pages={746--751},
  year={2013}
}
@article{schmidhuber2015deep,
  title={Deep learning in neural networks: An overview},
  author={Schmidhuber, J{\"u}rgen},
  journal={Neural networks},
  volume={61},
  pages={85--117},
  year={2015},
  publisher={Elsevier}
}
@inproceedings{kalchbrenner2014convolutional,
  title={A Convolutional Neural Network for Modelling Sentences},
  author={Kalchbrenner, Nal and Grefenstette, Edward and Blunsom, Phil},
  booktitle={Proceedings of the 52nd Annual Meeting of the Association for Computational Linguistics (Volume 1: Long Papers)},
  volume={1},
  pages={655--665},
  year={2014}
}
@inproceedings{xu2015show,
  title={Show, attend and tell: Neural image caption generation with visual attention},
  author={Xu, Kelvin and Ba, Jimmy and Kiros, Ryan and Cho, Kyunghyun and Courville, Aaron and Salakhudinov, Ruslan and Zemel, Rich and Bengio, Yoshua},
  booktitle={International Conference on Machine Learning},
  pages={2048--2057},
  year={2015}
}
@inproceedings{sukhbaatar2015end,
  title={End-to-end memory networks},
  author={Sukhbaatar, Sainbayar and Weston, Jason and Fergus, Rob and others},
  booktitle={Advances in neural information processing systems},
  pages={2440--2448},
  year={2015}
}
@article{li2007scalable,
  title={Scalable Term Selection for Text Categorization},
  author={Li, Jingyang and Sun, Maosong},
  journal={EMNLP-CoNLL 2007},
  pages={774},
  year={2007},
  volume={1}
}
@inproceedings{zhou2016compositional,
  title={Compositional recurrent neural networks for Chinese short text classification},
  author={Zhou, Yujun and Xu, Bo and Xu, Jiaming and Yang, Lei and Li, Changliang},
  booktitle={Web Intelligence (WI), 2016 IEEE/WIC/ACM International Conference on},
  pages={137--144},
  year={2016},
  organization={IEEE}
}
@article{Zhou2015A,
  title={A C-LSTM Neural Network for Text Classification},
  author={Zhou, Chunting and Sun, Chonglin and Liu, Zhiyuan and Lau, Francis C. M.},
  journal={Computer Science},
  volume={1},
  number={4},
  pages={39-44},
  year={2015},
}
@inproceedings{chan2016listen,
  title={Listen, attend and spell: A neural network for large vocabulary conversational speech recognition},
  author={Chan, William and Jaitly, Navdeep and Le, Quoc and Vinyals, Oriol},
  booktitle={Acoustics, Speech and Signal Processing (ICASSP), 2016 IEEE International Conference on},
  pages={4960--4964},
  year={2016},
  organization={IEEE}
}
@article{harris1954distributional,
  title={Distributional structure},
  author={Harris, Zellig S},
  journal={Word},
  volume={10},
  number={2-3},
  pages={146--162},
  year={1954},
  publisher={Taylor \& Francis}
}
@inproceedings{pantel2005inducing,
  title={Inducing ontological co-occurrence vectors},
  author={Pantel, Patrick},
  booktitle={Proceedings of the 43rd Annual Meeting on Association for Computational Linguistics},
  pages={125--132},
  year={2005},
  organization={Association for Computational Linguistics}
}
@article{levy2015improving,
  title={Improving distributional similarity with lessons learned from word embeddings},
  author={Levy, Omer and Goldberg, Yoav and Dagan, Ido},
  journal={Transactions of the Association for Computational Linguistics},
  volume={3},
  pages={211--225},
  year={2015}
}
@inproceedings{pennington2014glove,
  title={Glove: Global vectors for word representation},
  author={Pennington, Jeffrey and Socher, Richard and Manning, Christopher},
  booktitle={Proceedings of the 2014 conference on empirical methods in natural language processing (EMNLP)},
  pages={1532--1543},
  year={2014}
}
@book{firth1961papers,
  title={Papers in Linguistics 1934-1951: Repr},
  author={Firth, John Rupert},
  year={1961},
  publisher={Oxford University Press}
}
@article{bengio2003neural,
  title={A neural probabilistic language model},
  author={Bengio, Yoshua and Ducharme, R{\'e}jean and Vincent, Pascal and Jauvin, Christian},
  journal={Journal of machine learning research},
  volume={3},
  number={Feb},
  pages={1137--1155},
  year={2003}
}